<?xml version="1.0" encoding="UTF-8"?><collection xmlns="http://www.loc.gov/MARC21/slim"><record><leader>00507nam--2200193-i-4500</leader><controlfield tag="001">000037395</controlfield><controlfield tag="002">20161230</controlfield><controlfield tag="005">20161230201041</controlfield><controlfield tag="008">060222s1000------------r-----000-0-rus-d</controlfield><datafield ind1=" " ind2=" " tag="040"><subfield code="a">IFIN-HH</subfield></datafield><datafield ind1=" " ind2=" " tag="041"><subfield code="a">rus</subfield></datafield><datafield ind1=" " ind2=" " tag="080"><subfield code="a">529.12</subfield></datafield><datafield ind1="1" ind2=" " tag="100"><subfield code="a">Zrelov, V.P</subfield></datafield><datafield ind1="1" ind2="0" tag="245"><subfield code="a">Izlucenie vavilova-cerenkova i ego primenenie v fizike visokih energii</subfield><subfield code="c">B.p. zrelov</subfield></datafield><datafield ind1=" " ind2=" " tag="260"><subfield code="a">Moskva</subfield><subfield code="b">Atomizdat</subfield><subfield code="c">1968</subfield></datafield><datafield ind1=" " ind2=" " tag="300"><subfield code="a">2 VOLUME</subfield></datafield><datafield ind1="1" ind2=" " tag="787"><subfield code="a">Tom Ii</subfield><subfield code="h">301p</subfield></datafield><datafield ind1=" " ind2=" " tag="852"><subfield code="a">28707</subfield><subfield code="c">539.131</subfield></datafield><datafield ind1=" " ind2=" " tag="CAT"><subfield code="a">Sys</subfield><subfield code="c">20120229</subfield><subfield code="h">163044</subfield></datafield></record></collection>